<?xml version="1.0" encoding="UTF-8"?><collection xmlns="http://www.loc.gov/MARC21/slim"><record><leader>00529nam--2200193-i-4500</leader><controlfield tag="001">000011943</controlfield><controlfield tag="002">20161230</controlfield><controlfield tag="005">20161230201029</controlfield><controlfield tag="008">060222s1000------------r-----000-0-fre-d</controlfield><datafield ind1=" " ind2=" " tag="040"><subfield code="a">IFIN-HH</subfield></datafield><datafield ind1=" " ind2=" " tag="041"><subfield code="a">fre</subfield></datafield><datafield ind1=" " ind2=" " tag="080"><subfield code="a">53.08:531.5</subfield></datafield><datafield ind1="1" ind2=" " tag="100"><subfield code="a">Braguinski, V.Et Mancukine, A</subfield></datafield><datafield ind1="1" ind2="0" tag="245"><subfield code="a">Mesure de petites forces dans les experiences physiques</subfield><subfield code="c">V. braguinski, a. manoukine</subfield></datafield><datafield ind1=" " ind2=" " tag="260"><subfield code="a">Moscou</subfield><subfield code="b">Editions Mir</subfield><subfield code="c">1976</subfield></datafield><datafield ind1=" " ind2=" " tag="300"><subfield code="a">149 P</subfield></datafield><datafield ind1="1" ind2=" " tag="700"><subfield code="a">Manoukine, A</subfield></datafield><datafield ind1=" " ind2=" " tag="852"><subfield code="a">44221</subfield><subfield code="c">53.08</subfield></datafield><datafield ind1=" " ind2=" " tag="CAT"><subfield code="a">Sys</subfield><subfield code="c">20151029</subfield><subfield code="h">120228</subfield></datafield></record></collection>